@online{Kenneth,
    author = "Kenneth Leung",
    title = "Micro, Macro \& Weighted Averages of F1 Score, Clearly Explained",
    url  = "https://towardsdatascience.com/micro-macro-weighted-averages-of-f1-score-clearly-explained-b603420b292f",
    addendum = "(accessed: 11.12.2022)"
}

@online{Thomas,
    author = "Thomas Le Menestrel",
    title = "Loading a csv file from GitHub in Python",
    url  = "https://medium.com/towards-entrepreneurship/importing-a-csv-file-from-github-in-a-jupyter-notebook-e2c28e7e74a5",
    addendum = "(accessed: 11.12.2022)"
}

@online{Arun,
    author = "Arun Addagatla",
    title = "Understanding Logistic Regression",
    url  = "https://medium.com/nerd-for-tech/understanding-logistic-regression-782baa868a54",
    addendum = "(accessed: 11.12.2022)"
}

@online{Mazen,
    author = "Mazen Ahmed",
    title = "Logistic Regression Explained",
    url  = "https://linguisticmaz.medium.com/logistic-regression-explained-1849a0f5ce54",
    addendum = "(accessed: 11.12.2022)"
}

@online{Tanvi,
    author = "Tanvi Penumudy",
    title = "A Comprehensive Guide to Logistic Regression",
    url  = "https://medium.com/analytics-vidhya/a-comprehensive-guide-to-logistic-regression-e0cf04fe738c",
    addendum = "(accessed: 11.12.2022)"
}

@online{Geek,
    author = "Geek for Geeks",
    title = "Advantages and Disadvantages of Logistic Regression",
    url  = "https://www.geeksforgeeks.org/advantages-and-disadvantages-of-logistic-regression/",
    addendum = "(accessed: 11.12.2022)"
}

@online{Sagar,
    author = "Sagar Sharma",
    title = "What the Hell is Perceptron?",
    url  = "https://towardsdatascience.com/what-the-hell-is-perceptron-626217814f53",
    addendum = "(accessed: 11.12.2022)"
}

@online{Ali,
    author = "Ali Ghodsi",
    title = "Statistical Learning- Classification",
    url  = "https://sas.uwaterloo.ca/~aghodsib/courses/f07stat841/notes/lecture10.pdf",
    addendum = "(accessed: 11.12.2022)"
}

@online{Abhijit,
    author = "Abhijit Roy",
    title = "An Introduction to Gradient Descent and Backpropagation",
    url  = "https://towardsdatascience.com/an-introduction-to-gradient-descent-and-backpropagation-81648bdb19b2",
    addendum = "(accessed: 11.12.2022)"
}

@online{Rohan,
    author = "Rohan Harode",
    title = "XGBoost: A Deep Dive into Boosting",
    url  = "https://medium.com/sfu-cspmp/xgboost-a-deep-dive-into-boosting-f06c9c41349",
    addendum = "(accessed: 11.12.2022)"
}

@online{ODSC,
    author = "ODSC - Open Data Science",
    title = "XGBoost: Enhancement Over Gradient Boosting Machines",
    url  = "https://odsc.medium.com/xgboost-enhancement-over-gradient-boosting-machines-73abafa49b14#:~:text=XGBoost%20provides%20a%20parallel%20tree,problems%20beyond%20billions%20of%20examples.",
    addendum = "(accessed: 11.12.2022)"
}
